<record><leader>00000cas a22000007a 4500</leader><controlfield tag="001">12878417</controlfield><controlfield tag="008">851206d18321832pauwr ne      0    0eng d</controlfield><datafield ind1=" " ind2=" " tag="010"><subfield code="a">sn 85055260 </subfield></datafield><datafield ind1=" " ind2=" " tag="040"><subfield code="a">NPH</subfield><subfield code="b">eng</subfield><subfield code="c">NPH</subfield><subfield code="d">OCLCQ</subfield></datafield><datafield ind1=" " ind2=" " tag="042"><subfield code="a">msc</subfield></datafield><datafield ind1="0" ind2="0" tag="245"><subfield code="a">Union telegraph and Anti-Masonic argus.</subfield></datafield><datafield ind1=" " ind2=" " tag="260"><subfield code="a">New Berlin, Pa. :</subfield><subfield code="b">E.G. Schrack</subfield></datafield><datafield ind1=" " ind2=" " tag="300"><subfield code="a">v. ;</subfield><subfield code="c">51 cm.</subfield></datafield><datafield ind1=" " ind2=" " tag="310"><subfield code="a">Weekly</subfield></datafield><datafield ind1="1" ind2=" " tag="362"><subfield code="a">Began in 1832; ceased in 1832?</subfield><subfield code="z">Cf. Rossell, G. Pa. newspapers.</subfield></datafield><datafield ind1=" " ind2=" " tag="588"><subfield code="a">Description based on: New ser. vol. 1, no. 11 (June 29, 1832) = whole no. 270.</subfield></datafield><datafield ind1=" " ind2=" " tag="752"><subfield code="a">United States</subfield><subfield code="b">Pennsylvania</subfield><subfield code="c">Union</subfield><subfield code="d">New Berlin.</subfield></datafield><datafield ind1="0" ind2="0" tag="780"><subfield code="t">Union Anti-Masonic telegraph</subfield><subfield code="w">(DLC)sn 85055259</subfield></datafield></record>